@article{paper,
  author          = {},
  journal         = {},
  number          = {},
  title           = {A perspective on Quicksort},
  volume          = {},
  year            = {}
}

@misc{geowiki,
  author       = {},
  howpublished = "\url{https://en.wikipedia.org/wiki/Computational_geometry}",
  title        = {},
  year         = {}
}

@misc{chwiki,
  author       = {},
  howpublished = "\url{https://en.wikipedia.org/wiki/Convex_hull}",
  title        = {},
  year         = {}
}

@article{qhpaper,
  author          = {Ramesh, Suresha},
  journal         = {},
  number          = {},
  title           = {Convex hull - Parallel and distributed algorithms},
  volume          = {},
  year            = {}
}
